<?xml version="1.0" encoding="UTF-8"?>
<collection xmlns:xsi="http://www.w3.org/2001/XMLSchema-instance" xsi:schemaLocation="http://www.loc.gov/MARC21/slim http://www.loc.gov/standards/marcxml/schema/MARC21slim.xsd" xmlns="http://www.loc.gov/MARC21/slim">
<record>
  <leader>00729cam a22001935a 4500</leader>
  <controlfield tag="001">1519738</controlfield>
  <controlfield tag="003">NNC</controlfield>
  <controlfield tag="005">20100217072901.0</controlfield>
  <controlfield tag="008">860825s1936    mr            00010 ara d</controlfield>
  <datafield tag="035" ind1=" " ind2=" ">
    <subfield code="a">(OCoLC)77667375</subfield>
  </datafield>
  <datafield tag="035" ind1=" " ind2=" ">
    <subfield code="a">(OCoLC)ocm77667375</subfield>
  </datafield>
  <datafield tag="035" ind1=" " ind2=" ">
    <subfield code="9">AJW6336CU</subfield>
  </datafield>
  <datafield tag="035" ind1=" " ind2=" ">
    <subfield code="a">(NNC)1519738</subfield>
  </datafield>
  <datafield tag="100" ind1="1" ind2="0">
    <subfield code="a">Azmūrī, ʻAmr al-Kumaytī.</subfield>
  </datafield>
  <datafield tag="245" ind1="1" ind2="0">
    <subfield code="a">Ismāʻ al-musāʻid wa-iqmāʻ al-muʻānid bi-targhīb al-shāriʻ fī qirāʾat al-Qurʾān jamāʻah fī al-masājid /</subfield>
    <subfield code="c">li-muʾallifihi al-Sayyid ʻAmr al-Kumaytī al-Azmūrī.</subfield>
  </datafield>
  <datafield tag="250" ind1=" " ind2=" ">
    <subfield code="a">al-Ṭabʻah 1.</subfield>
  </datafield>
  <datafield tag="260" ind1="0" ind2=" ">
    <subfield code="a">al-Dār al-Bayḍāʾ :</subfield>
    <subfield code="b">al-Maṭbaʻah al-ʻArabīyah,</subfield>
    <subfield code="c">1356 [1936 or 1937]</subfield>
  </datafield>
  <datafield tag="300" ind1=" " ind2=" ">
    <subfield code="a">119 p. ;</subfield>
    <subfield code="c">25 cm.</subfield>
  </datafield>
  <datafield tag="650" ind1=" " ind2="0">
    <subfield code="a">Islam.</subfield>
  </datafield>
  <datafield tag="650" ind1=" " ind2="0">
    <subfield code="a">Koran</subfield>
    <subfield code="x">Recitation.</subfield>
  </datafield>
  <datafield tag="955" ind1=" " ind2=" ">
    <subfield code="b">CU10660356</subfield>
    <subfield code="d">off,glx</subfield>
    <subfield code="e">ME37257</subfield>
  </datafield>
</record>
</collection>